@misc {heh-logo,
    author = {HEH},
    title = {Logo du campus technique},
    url = {http://www.heh.be/upload/image/logo\%20technique.png},
    note = {[Consulté le 9 janvier 2018 à 23h48]}
}

@misc {angular,
    author = {Google},
    title = {About Angular},
    url = {https://angular.io/about?group=Angular},
    note = {[Consulté le 18 janvier 2018 à 13h10]}
}

@misc {docker,
	author = {Docker},
	title = {What is Docker?},
	url = {https://www.docker.com/what-docker},
	note = {[Consulté le 18 janvier 2018 à 15h43]}
}

@misc {oauth2,
	author = {OAuth},
	title = {OAuth 2.0},
	url = {https://oauth.net/2/},
	note = {[Consulté le 19 janvier 2018 à 13h13]}
}


@misc {wikipedia-angularjs,
    author = {Wikipedia},
    title = {AngularJS},
	year = {30 septembre 2017 (16h39)},
    url = {https://fr.wikipedia.org/wiki/AngularJS},
    note = {[Consulté le 18 janvier 2018 à 13h00]}
}

@misc {wikipedia-docker,
	author = {Wikipedia},
	title = {Docker (software)},
	year = {12 janvier 2018 (17h32)},
	url = {https://fr.wikipedia.org/wiki/Docker_(logiciel)},
	note = {[Consulté le 18 janvier 2018 à 15h46]}
}

@misc {wikipedia-git,
	author = {Wikipedia},
	title = {Git},
	year = {17 janvier 2018 (10h17)},
	url = {https://en.wikipedia.org/wiki/Git},
	note = {[Consulté le 18 janvier 2018 à 19h05]}
}

@misc {wikipedia-oauth,
	author = {Wikipedia},
	title = {OAuth},
	year = {17 janvier 2018 (21h29)},
	url = {https://en.wikipedia.org/wiki/OAuth},
	note = {[Consulté le 19 janvier 2018 à 13h13]}
}

