@misc{latex,
  author = {\LaTeX},
  title  = {A Document Preparation System},
  note   = {(consulté le 07 Mars 2017)}
}

@misc{website:sensehat1,
  author = {{The Raspberry Pi Foundation}},
  title  = {{Python module to control the Raspberry Pi Sense HAT, \textit{informatique}, Site, [en ligne]}},
  year = {(consulté le 07 Avril 2017)},
  howpublished = "\href{https://pythonhosted.org/sense-hat/}{https://pythonhosted.org/sense-hat/}"
}

@misc{website:sensehat2,
  author = {{The Raspberry Pi Foundation}},
  title  = {{SENSE HAT, \textit{informatique}, Site, [en ligne]}},
  year = {(consulté le 07 Avril 2017)},
  howpublished = "\href{https://www.raspberrypi.org/}{https://www.raspberrypi.org/products/sense-hat/}"
}

@misc{website:element14,
  author = {Lucie Tozer},
  title  = {{Raspberry Pi Sense Hat - Enabling The Joystick, \textit{informatique}, Site, [en ligne]}},
  year = {(consulté le 07 Avril 2017)},
  howpublished = "\href{https://www.element14.com/community/community/raspberry-pi/raspberry-pi-accessories/blog/2017/01/23/raspberry-pi-sense-hat-enabling-the-joystick}{https://www.element14.com}"
}

@misc{website:wikipedia,
  author = {{Communauté de Wikipédia}},
  title  = {{Pong, \textit{informatique}, Site, [en ligne]}},
  year = {(consulté le 07 Mars 2017)},
  howpublished = "\href{https://fr.wikipedia.org/wiki/Pong}{https://fr.wikipedia.org/wiki/Pong}"
}

@misc{website:astropi,
  author = {{Communauté de la mission Astro Pi}},
  title  = {{Astro Pi Mission, \textit{informatique}, Site, [en ligne]}},
  year = {(consulté le 07 Mars 2017)},
  howpublished = "\href{https://astro-pi.org/about/mission/}{https://astro-pi.org}"
}

@misc{website:raspberrypi,
  author = {{The Raspberry Pi Foundation}},
  title  = {{DOCUMENTATION, \textit{informatique}, Site, [en ligne]}},
  year = {(consulté le 07 Mars 2017)},
  howpublished = "\href{https://www.raspberrypi.org/documentation/}{https://www.raspberrypi.org}"
}
