% Books


@misc{devFE,
  author = {Ivan Miller},
  title  = {Développement front-end},
  note   = {\\(consulté du 15 Octobre au 25 Novembre 2017)}
}
@misc{i&m,
  author = {Ivan Miller},
  title  = {{Internet et Multimédia}},
  note   = {\\(consulté du 15 Octobre au 25 Novembre 2017)}
}
@misc{guideTFE,
  author = {Denis Mandoux},
  title  = {{Guide à la réalisation du TFE}},
  note   = {\\(consulté du 18 Septembre 2017 au 2 Janvier 2018)}
}
@misc{latex,
  author = {Leslie Lamport},
  title  = {{A Document Preparation System}},
  note   = {\\(consulté du 18 Septembre 2017 au 2 Janvier 2018)}
}

% Online

@online{website:authOC,
  author = {Maurice Chavelli},
  title  = {{Découvrez le framework PHP Laravel, \textit{informatique}, Site, [en ligne]}},
  year = {(consulté le 28 Décembre 2017)},
  howpublished = "\href{https://openclassrooms.com/courses/decouvrez-le-framework-php-laravel-1/l-authentification-1}{https://openclassrooms.com}"
}
@online{website:bootstrap,
  author = {{The Wikipedia Community}},
  title  = {{Bootstrap (framework), \textit{informatique}, Site, [en ligne]}},
  year = {(consulté le 27 Décembre 2017)},
  howpublished = "\href{https://fr.wikipedia.org/wiki/Bootstrap_(framework)}{https://fr.wikipedia.org}"
}
@online{website:csrf,
  author = {{The Wikipedia Community}},
  title  = {{Cross-Site Request Forgery, \textit{informatique}, Site, [en ligne]}},
  year = {(consulté le 2 Janvier 2018)},
  howpublished = "\\\href{https://fr.wikipedia.org/wiki/CSRF}{https://fr.wikipedia.org}"
}
@online{website:hachage,
  author = {{The Wikipedia Community}},
  title  = {{Fonction de hachage cryptographique, \textit{informatique}, Site, [en ligne]}},
  year = {(consulté le 27 Décembre 2017)},
  howpublished = "\\\href{https://fr.wikipedia.org/wiki/CSRF}{https://fr.wikipedia.org}"
}
@online{website:laravel,
  author = {{The Wikipedia Community}},
  title  = {{Laravel, \textit{informatique}, Site, [en ligne]}},
  year = {(consulté le 27 Décembre 2017)},
  howpublished = "\\\href{https://fr.wikipedia.org/wiki/Laravel}{https://fr.wikipedia.org}"
}
