% Books

@misc{algo,
  author = {Sébastien Rohaut},
  title  = {Algotithmique- Techniques fondamentales de programmation},
  note   = {\\(consulté du 07 mars au 15 mai 2017)}
}
@misc{cHeH,
  author = {Antoine Malaise},
  title  = {Techniques Informatiques 1},
  note   = {\\(consulté du 07 mars au 15 mai 2017)}
}
@misc{csHeH,
  author = {Antoine Malaise},
  title  = {Techniques Informatiques 2},
  note   = {\\(consulté du 07 mars au 15 mai 2017)}
}
@misc{cZero,
  author = {Mathieu Nebra},
  title  = {{Apprenez à programmer en C}},
  note   = {\\(consulté du 07 mars au 15 mai 2017)}
}
@misc{javaZero,
  author = {Cyrille Herby},
  title  = {{Apprenez à programmer en JAVA}},
  note   = {\\(consulté du 07 mars au 15 mai 2017)}
}
@misc{latex,
  author = {\LaTeX},
  title  = {A Document Preparation System},
  note   = {\\(consulté du 07 mars au 15 mai 2017)}
}
@misc{mor,
  author = {Pietrzak, Y. et Arnaud, D},
  title  = {Montages et réalisations},
  note   = {\\(consulté du 07 mars au 15 mai 2017)}
}

% Online

@online{website:authOC,
  author = {Maurice Chavelli},
  title  = {{Découvrez le framework PHP Laravel, \textit{informatique}, Site, [en ligne]}},
  year = {(consulté le 28 Décembre 2017)},
  howpublished = "\href{https://openclassrooms.com/courses/decouvrez-le-framework-php-laravel-1/l-authentification-1}{https://openclassrooms.com}"
}
@online{website:bootstrap,
  author = {{The Wikipedia Community}},
  title  = {{Bootstrap (framework), \textit{informatique}, Site, [en ligne]}},
  year = {(consulté le 07 Mars 2017)},
  howpublished = "\href{https://fr.wikipedia.org/wiki/Bootstrap_(framework)}{https://fr.wikipedia.org}"
}
@online{website:laravel,
  author = {{The Wikipedia Community}},
  title  = {{Laravel, \textit{informatique}, Site, [en ligne]}},
  year = {(consulté le 07 Mars 2017)},
  howpublished = "\\\href{https://fr.wikipedia.org/wiki/Laravel}{https://fr.wikipedia.org}"
}
@online{website:pythonWiki,
  author = {{The Python Software Foundation}},
  title  = {{TimeComplexity, \textit{informatique}, Site, [en ligne]}},
  year = {(consulté le 07 Mars 2017)},
  howpublished = "\href{https://wiki.python.org/moin/TimeComplexity}{https://wiki.python.org}"
}
@online{website:pythonZero,
  author = {Vincent Le Goff},
  title  = {{Apprenez à programmer en Python, \textit{informatique}, Site, [en ligne]}},
  year = {(consulté le 07 Mars 2017)},
  howpublished = "\href{https://openclassrooms.com/courses/apprenez-a-programmer-en-python}{https://openclassrooms.com}"
}
