@misc{latex,
  author = {LaTeX},
  title  = {A Document Preparation System},
  note   = {(consulté le 16/02/2016)}
}

@misc{website:universalis,
  author = {Pierre SENS},
  title  = {{SYSTÈMES D'EXPLOITATION, \textit{informatique}, Site, [en ligne]}},
  year = {(consulté le 20 Février 2016)},
  howpublished = "\href{http://www.universalis.fr/encyclopedie/systemes-d-exploitation-informatique/}{http://www.universalis.fr}"
}

@misc{website:commentcamarche,
  author = {Jean-François PILLOU},
  title  = {{Système d'exploitation, Site, [en ligne]}},
  year = {(consulté le 20 Février 2016)},
  howpublished = "\href{http://www.commentcamarche.net/contents/1092-systeme-d-exploitation}{http://www.commentcamarche.net}"
}

@article{UMONScourse,
  author = {Olivier Delgrange},
  title = {{Introduction au Système d'Exploitation UNIX}},
  journal = {Université de Mons (UMONS)},
  year = {Février 2016}
}

@misc{website:lealinux,
  author = {{Communauté Léa-Linux}},
  title  = {{Léa-Linux, Site, [en ligne]}},
  year = {(consulté le 21 Février 2016)},
  howpublished = "\href{http://lea-linux.org}{http://lea-linux.org}"
}

@misc{website:interstices,
  author = {Claude Kaiser},
  title  = {{À quoi sert un système d’exploitation ?, Site, [en ligne]}},
  year = {(consulté le 17 Février 2016)},
  howpublished = "\href{https://interstices.info/jcms/p_83884/a-quoi-sert-un-systeme-d-exploitation}{https://interstices.info}"
}

@misc{website:openclassrooms,
  author = {Nicolas Vignes},
  title  = {{OS X, UN SYSTÈME D'EXPLOITATION, Site, [en ligne]}},
  year = {(consulté le 17 Février 2016)},
  howpublished = "\href{https://openclassrooms.com/courses/domptez-votre-mac-avec-mac-os-x-mavericks/os-x-un-systeme-d-exploitation}{https://openclassrooms.com}"
}

@misc{website:microsoft,
  author = {{Microsoft Corporation}},
  title  = {{Microsoft, Site, [en ligne]}},
  year = {(consulté le 05 Mars 2016)},
  howpublished = "\href{http://www.windows.microsoft.com}{http://www.windows.microsoft.com}"
}

@misc{website:profdinfo,
  author = {Joan-Sébastien Morales},
  title  = {{Systèmes d'exploitation - Introduction, Site, [en ligne]}},
  year = {(consulté le 17 Février 2016)},
  howpublished = "\href{http://profdinfo.com/web/420-119-LG/intro.html}{http://profdinfo.com}"
}

@misc{website:zdnet,
  author = {ZDNet},
  title  = {{Chiffres clés : les systèmes d’exploitation sur PC, Site, [en ligne]}},
  year = {(consulté le 20 Février 2016)},
  howpublished = "\href{http://www.zdnet.fr/actualites/chiffres-cles-les-systemes-d-exploitation-sur-pc-39790131.htm}{http://www.zdnet.fr}"
}

@misc{website:extremetech,
  author = {Sebastian Anthony},
  title  = {{Microsoft’s share of the consumer market has dropped from 95\% to 20\% in 8 years, Site, [en ligne]}},
  year = {(consulté le 20 Février 2016)},
  howpublished = "\href{http://www.extremetech.com/computing/143277-microsofts-share-of-the-consumer-market-has-dropped-from-95-to-20-in-8-years}{http://www.extremetech.com}"
}

@misc{website:financialexpress,
  author = {PriceDekho},
  title  = {{Google Android lords over 85 pct of smartphone OS market share, Apple’s iOS distant second: IDC, Site, [en ligne]}},
  year = {(consulté le 20 Février 2016)},
  howpublished = "\href{http://archive.financialexpress.com/news/google-android-lords-over-85-pct-of-smartphone-os-market-share-apple-s-ios-distant-second-idc/1284435}{http://archive.financialexpress.com}"
}

@misc{website:statcounter,
  author = {StatCounter},
  title  = {{StatCounter Global Stats, Site, [en ligne]}},
  year = {(consulté le 20 Février 2016)},
  howpublished = "\href{http://gs.statcounter.com/#desktop-os-ww-monthly-201601-201601-bar}{http://gs.statcounter.com}"
}

@misc{website:operating-system,
  author = {operatingsystem},
  title  = {{Mac OS Operating System, Site, [en ligne]}},
  year = {(consulté le 22 Février 2016)},
  howpublished = "\href{http://www.operating-system.org/betriebssystem/_english/bs-macos.htm}{http://www.operating-system.org}"
}

@misc{website:applewikia,
  author = {Wikia},
  title  = {{Mac OS X history, Site, [en ligne]}},
  year = {(consulté le 22 Février 2016)},
  howpublished = "\href{http://apple.wikia.com/wiki/Mac_OS_X_history}{http://apple.wikia.com}"
}

@misc{website:apple2history,
  author = {Apple2History},
  title  = {{15-DOS 3.3, ProDOS \& Beyond, Site, [en ligne]}},
  year = {(consulté le 22 Février 2016)},
  howpublished = "\href{http://apple2history.org/history/ah15/}{http://apple2history.org}"
}

@misc{website:applemuseum,
  author = {AppleMuseum},
  title  = {{Encyclopedia of Apple Computers, Site, [en ligne]}},
  year = {(consulté le 22 Février 2016)},
  howpublished = "\href{http://applemuseum.bott.org/sections/computers.html}{http://applemuseum.bott.org}"
}

@misc{website:OSXBook,
  author = {Amit Singh},
  title  = {{What is Mac OS X?, Site, [en ligne]}},
  year = {(consulté le 22 Février 2016)},
  howpublished = "\href{http://www.osxbook.com/book/bonus/ancient/whatismacosx/history.html}{http://www.osxbook.com}"
}

@misc{website:portices,
  author = {Bernard Dimet},
  title  = {{Mac-Os X, petit historique, Site, [en ligne]}},
  year = {(consulté le 22 Février 2016)},
  howpublished = "\href{http://www.portices.fr/formation/Res/OrdiMacintosh/Osx/Histoire.html}{http://www.portices.fr}"
}

@misc{website:webopedia,
  author = {Forrest Stroud},
  title  = {{Mac OS X Server, Site, [en ligne]}},
  year = {(consulté le 29 Février 2016)},
  howpublished = "\href{http://www.webopedia.com/TERM/M/mac_os_x_server.html}{http://www.webopedia.com}"
}

@misc{website:cnetTK,
  author = {Topher Kessler},
  title  = {{Do you need OS X Server?, Site, [en ligne]}},
  year = {(consulté le 29 Février 2016)},
  howpublished = "\href{http://www.cnet.com/news/do-you-need-os-x-server/}{http://www.cnet.com}"
}

@misc{website:cnetNS,
  author = {Nick Statt},
  title  = {{Microsoft's Windows Hello will make your face, finger or iris the new sign-in, Site, [en ligne]}},
  year = {(consulté le 9 Mars 2016)},
  howpublished = "\href{http://www.cnet.com/news/microsoft-introduces-windows-hello-for-signing-in-with-your-face-finger-or-iris/}{http://www.cnet.com}"
}

@misc{website:theVerge,
  author = {{Verge Staff}},
  title  = {{Android: A visual history, Site, [en ligne]}},
  year = {(consulté le 20 Mars 2016)},
  howpublished = "\href{http://www.theverge.com/2011/12/7/2585779/android-history}{http://www.theverge.com}"
}

@misc{website:w3cook,
  author = {{w3cook Staff}},
  title  = {{OS Market Share and Usage Trends, Site, [en ligne]}},
  year = {(consulté le 21 Mars 2016)},
  howpublished = "\href{http://www.w3cook.com/os/summary/}{http://www.w3cook.com}"
}

@misc{website:leMonde,
  author = {Florian Reynaud},
  title  = {{ Deux chercheurs parviennent à pirater une voiture à distance, Site, [en ligne]}},
  year = {(consulté le 21 Mars 2016)},
  howpublished = "\href{http://www.lemonde.fr/pixels/article/2015/07/22/deux-chercheurs-parviennent-a-pirater-une-voiture-a-distance_4694137_4408996.html}{http://www.lemonde.fr}"
}

@article{HeHcourse,
  author = {Thomas Pétein},
  title = {{Télécommunications et Réseaux 1}},
  journal = {Haute école en Hainaut (HeH)},
  year = {2015 - 2016}
}

@misc{website:cisco,
  author = {{Cisco Systems Inc.}},
  title  = {{ Logiciels de mise en réseau, Site, [en ligne]}},
  year = {(consulté le 09 Avril 2016)},
  howpublished = "\href{http://www.cisco.com/web/FR/products/ios-nx-os-software/index.html}{http://www.cisco.com}"
}

@misc{website:linuxfr,
  author = {{patrick\_g}},
  title  = {{ Sortie du Top 500 de juin 2012, Site, [en ligne]}},
  year = {(consulté le 16 Avril 2016)},
  howpublished = "\href{http://linuxfr.org/news/sortie-du-top-500-de-juin-2012}{http://linuxfr.org}"
}
